@inproceedings{aow11,
    title={On searching for small kochen-specker vector systems},
    author={Arends, Felix and Ouaknine, Jo{\"e}l and Wampler, Charles W},
    booktitle={Proceedings of the 37th international
        conference on Graph-Theoretic Concepts in Computer Science},
    pages={23--34},
    year={2011},
    organization={Springer-Verlag}
}
@masterthesis{a09,
    title={A Lower Bound on the Size of the Smallest Kochen-Specker
                Vector System in Three Dimensions},
    author={Arends, Felix},
    year={2009},
    school={University of Oxford}
}
@article{ck09,
    title={The strong free will theorem},
    author={Conway, John H and Kochen, Simon},
    journal={Notices of the AMS},
    volume={56},
    number={2},
    pages={226--232},
    year={2009}
}
@article{geng,
    title={Isomorph-free exhaustive generation},
    author={McKay, Brendan D},
    journal={Journal of Algorithms},
    volume={26},
    number={2},
    pages={306--324},
    year={1998},
    publisher={Elsevier}
}
@article{redlog,
    title={Redlog: Computer algebra meets computer logic},
    author={Dolzmann, Andreas and Sturm, Thomas},
    journal={Acm Sigsam Bulletin},
    volume={31},
    number={2},
    pages={2--9},
    year={1997},
    publisher={ACM}
}
