@inproceedings{aow11,
    title={On searching for Small Kochen-Specker Vector Systems},
    author={Arends, Felix and Ouaknine, Jo{\"e}l and Wampler, Charles W},
    booktitle={Proceedings of the 37th international
        conference on Graph-Theoretic Concepts in Computer Science},
    pages={23--34},
    year={2011},
    organization={Springer-Verlag},
    doi={10.1007/978-3-642-25870-1\_4}
}
@mastersthesis{a09,
    title={A Lower Bound on the Size of the Smallest Kochen-Specker
                Vector System in Three Dimensions},
    author={Arends, Felix},
    year={2009},
    school={University of Oxford},
    note={\url{http://www.cs.ox.ac.uk/people/joel.ouaknine/download/arends09.pdf}}
}
@article{ck09,
    title={The Strong Free Will Theorem},
    author={Conway, John H and Kochen, Simon},
    journal={Notices of the AMS},
    volume={56},
    number={2},
    pages={226--232},
    year={2009}
}
@article{geng,
    title={Isomorph-free Exhaustive Generation},
    author={McKay, Brendan D},
    journal={Journal of Algorithms},
    volume={26},
    number={2},
    pages={306--324},
    year={1998},
    publisher={Elsevier},
    doi={10.1006/jagm.1997.0898}
}
@article{redlog,
    title={Redlog: Computer Algebra Meets Computer Logic},
    author={Dolzmann, Andreas and Sturm, Thomas},
    journal={Acm Sigsam Bulletin},
    volume={31},
    number={2},
    pages={2--9},
    year={1997},
    publisher={ACM},
    doi={10.1145/261320.261324}
}
@incollection{ks,
    title={The Problem of Hidden Variables in Quantum Mechanics},
    author={Kochen, Simon and Specker, EP},
    booktitle={The Logico-Algebraic Approach to Quantum Mechanics},
    pages={293--328},
    year={1975},
    publisher={Springer},
    doi={10.1007/978-94-010-1795-4\_17}
}
@article{c00,
    title={Kochen--Specker Theorem and Experimental Test on Hidden Variables},
    author={Cabello, Ad{\'a}n},
    journal={International Journal of Modern Physics A},
    volume={15},
    number={18},
    pages={2813--2820},
    year={2000},
    publisher={World Scientific},
    doi={10.1016/S0217-751X(00)00202-9}
}
@article{peres,
    title={Two Simple Proofs of the Kochen-Specker Theorem},
    author={Peres, Asher},
    journal={Journal of Physics A: Mathematical and General},
    volume={24},
    number={4},
    pages={L175},
    year={1991},
    publisher={IOP Publishing},
    doi={10.1088/0305-4470/24/4/003}
}
@book{qtcm,
    title={Quantum Theory: Concepts and Methods},
    author={Peres, Asher},
    volume={57},
    year={1995},
    publisher={Springer}
}
@incollection{qecad,
    title={Quantifier Elimination for Real Closed Fields by Cylindrical
            Algebraic Decomposition},
    author={Collins, George E},
    booktitle={Quantifier elimination and cylindrical algebraic decomposition},
    pages={85--121},
    year={1998},
    publisher={Springer},
    doi={10.1007/978-3-7091-9459-1\_2}
}
@book{tarski,
    title={A Decision Method for Elementary Algebra and Geometry},
    author={Tarski, Alfred},
    year={1998},
    publisher={Springer}
}
@misc{sf-weisstein,
    author={Weisstein, Eric W.},
    title={Square-Free Graph},
    note={\url{http://mathworld.wolfram.com/Square-FreeGraph.html}
            (Last visited on may 6th 2014.)},
}
@misc{sf-sloane,
    author={Sloane, N.~J.~A.},
    title={The {O}n-{L}ine {E}ncyclopedia of {I}nteger {S}equences},
    note={\url{http://oeis.org/A006786}
            (Squarefree graphs on n vertices.)},
}
@misc{oeisA000088,
    author={Sloane, N.~J.~A.},
    title={The {O}n-{L}ine {E}ncyclopedia of {I}nteger {S}equences},
    note={\url{http://oeis.org/A000088}
            (Number of graphs on n unlabeled nodes.)},
}
@misc{OC,
    author={Ouaknine, Jo{\"e}l},
    howpublished={personal communication},
    note={Attended such a lecture of Conway at the
        Oxford Mathematical Institute in 2005}
}
@inproceedings{uw14,
    author={Uijlen, Sander and Westerbaan, Bas},
    title="A Kochen-Specker System has at least 22 Vectors
                (Extended Abstract)",
    booktitle={Proceedings of the 11th workshop on Quantum Physics and Logic},
    organisation={EPTCS},
    volume={172},
    pages={154--164},
    doi={10.4204/EPTCS.172.11},
    year={2014}}
@misc{GH,
    author={Uijlen, Sander and Westerbaan, Bas},
    doi={10.5281/zenodo.11718},
    title="Code and Data for ``A Kochen-Specker System has at least
                    22 Vectors''",
    note={\url{https://github.com/bwesterb/ks}}}
@article{pavivcic,
    title={Kochen--specker vectors},
    author={Pavi{\v{c}}i{\'c}, Mladen and Merlet, Jean-Pierre and McKay,
                    Brendan and Megill, Norman D},
    journal={Journal of Physics A: Mathematical and General},
    volume={38},
    number={7},
    pages={1577},
    year={2005},
    publisher={IOP Publishing}
}
